@ARTICLE{2013arXiv1308.0730P,
   author = {{Preibisch}, S. and {Amat}, F. and {Stamataki}, E. and {Sarov}, M. and 
	{Myers}, E. and {Tomancak}, P.},
    title = "{Efficient bayesian multi-view deconvolution}",
  journal = {ArXiv e-prints},
archivePrefix = "arXiv",
   eprint = {1308.0730},
 primaryClass = "q-bio.QM",
 keywords = {Quantitative Biology - Quantitative Methods},
     year = 2013,
    month = aug,
   adsurl = {http://adsabs.harvard.edu/abs/2013arXiv1308.0730P},
  adsnote = {Provided by the SAO/NASA Astrophysics Data System}
}


@Comment @Misc{cufft,
@Comment   OPTkey = 	 {},
@Comment   OPTauthor = 	 {},
@Comment   title = 	 {Nvidia CUDA FFT library},
@Comment   OPThowpublished = {},
@Comment   OPTmonth = 	 {},
@Comment   OPTyear = 	 {},
@Comment   note = 	 {\url{http://docs.nvidia.com/cuda/cufft/index.html}},
@Comment   OPTannote = 	 {}
@Comment }

@Comment @Misc{nvvp,
@Comment   OPTkey = 	 {},
@Comment   OPTauthor = 	 {},
@Comment   title = 	 {Nvidia visiual profiler},
@Comment   OPThowpublished = {},
@Comment   OPTmonth = 	 {},
@Comment   OPTyear = 	 {},
@Comment   note = 	 {\url{http://docs.nvidia.com/cuda/profiler-users-guide/index.html}},
@Comment   OPTannote = 	 {}
@Comment }


